% All these references were copied and pasted directly from Google scholar using the 'bibtex' option (except the final hepthesis entry)
@article{buckley2016results,
  title={Results from TopFitter},
  author={Buckley, Andy and Englert, Christoph and Ferrando, James and Miller, David J and Moore, Liam and Nordstr{\"o}m, Karl and Russell, Michael and White, Chris D},
  journal={arXiv preprint arXiv:1612.02294},
  year={2016}
}
@article{ciccariello2009critique,
  title={A critique of Du Boisian reason: Kanye West and the fruitfulness of double-consciousness},
  author={Ciccariello-Maher, George},
  journal={Journal of Black Studies},
  volume={39},
  number={3},
  pages={371--401},
  year={2009},
  publisher={Sage Publications Sage CA: Los Angeles, CA}
}
@misc{hepthesis,
  title = {{hepthesis} Latex Class},
  author={Buckley, Andy},
  howpublished = {\url{https://ctan.org/tex-archive/macros/latex/contrib/hepthesis}},
  note = {Accessed: 16th July 2020}
}